<zs:record><zs:recordSchema>marcxml</zs:recordSchema><zs:recordData><record xmlns="http://www.loc.gov/MARC21/slim"><leader>00000nam</leader><datafield tag="245" ind1="0" ind2="0"><subfield code="a">No cataloging date /</subfield></datafield><datafield tag="010" ind1=" " ind2=" "><subfield code="a">  9999999999</subfield></datafield></record></zs:recordData></zs:record>